@techreport{jnto2017,
author = {{\relax Japan National Tourism Organization}},
institution = {Japan National Tourism Organization},
note = {(in Japanese)},
title = {April 2017 Foreigner Visits Statistical Data [Data file in Excel format divided by nationality, month and year]},
year = {2017},
url = {http://www.jnto.go.jp/jpn/statistics/visitor_trends/},
}

@phdthesis{lee2010-a,
author = {Lee, S.},
school = {The Hong Kong Polytechnic University},
title = {A linguistic approach to emotion detection and classification (Ph. D.)},
year = {2010},
}

@article{chang2010,
author = {Chang, R. and Kivela, J. and Mak, A.},
journal = {Annals Of Tourism Research},
number = {4},
pages = {989-1011},
title = {Food preferences of {Chinese} tourists},
volume = {37},
year = {2010},
doi = {10.1016/j.annals.2010.03.007},
}

@article{truong2009,
author = {Truong, T. and King, B.},
journal = {International Journal Of Tourism Research},
number = {6},
pages = {521-535},
title = {An evaluation of satisfaction levels among {Chinese} tourists in {Vietnam}},
volume = {11},
year = {2009},
doi = {10.1002/jtr.726},
}

@article{ma2008,
  title={Study on the Discrepancies of Decision-making Behavior of Tourists to {China}——Take Tourists From {Japan} and {America} as a Case Study [J]},
  author={Ma, Yao-feng and Zheng, Peng and Bai, Kai},
  journal={Journal of Arid Land Resources and Environment},
  volume={1},
  year={2008}
}

@article{bollen2011,
author = {Bollen, J. and Mao, H. and Zeng, X.},
journal = {Journal Of Computational Science},
number = {1},
pages = {1-8},
title = {Twitter mood predicts the stock market},
volume = {2},
year = {2011},
doi = {10.1016/j.jocs.2010.12.007},
}

@inproceedings{oconnor2010,
author = {O'Connor, B. and Balasubramanyan, R. and Routledge, B. and Smith, N.},
booktitle = {Proceedings Of The Fourth International AAAI Conference On Weblogs And Social Media},
pages = {122–129},
publisher = {11(1-2)},
title = {From tweets to polls: Linking text sentiment to public opinion time series},
year = {2010},
}

@article{he2013,
author = {He, W. and Zha, S. and Li, L.},
journal = {International Journal Of Information Management},
number = {3},
pages = {464-472},
title = {Social media competitive analysis and text mining: A case study in the pizza industry},
volume = {22},
year = {2013},
doi = {10.1016/j.ijinfomgt.2013.01.001},
}

@article{zhang2011,
author = {Zhang, H. and Yu, Z. and Xu, M. and Shi, Y.},
journal = {In Proceedings of the 2011 3Rd International Conference On Computer Research And Development},
pages = {135-140},
title = {Feature-level sentiment analysis for {Chinese} product reviews.},
volume = {2},
year = {2011},
doi = {10.1109/iccrd.2011.5764099},
}

@inproceedings{chang2008,
author = {Chang, P. and Galley, M. and Manning, C.},
booktitle = {Statmt '08 Proceedings Of The Third Workshop On Statistical Machine},
pages = {224-232},
title = {Optimizing {Chinese} Word Segmentation for Machine Translation Performance},
year = {2008},
month={June},
address={Columbus,Ohio,USA},
url = {http://nlp.stanford.edu/pubs/acl-wmt08-cws.pdf},
}

@article{shannon1948,
author = {Shannon, C.},
journal = {Bell System Technical Journal},
number = {3},
pages = {279-423},
title = {A Mathematical Theory of Communication},
volume = {27},
year = {1948},
doi = {10.1002/j.1538-7305.1948.tb01338.x},
}

@article{cortes1995,
author = {Cortes, C. and Vapnik, V.},
journal = {Machine Learning},
number = {3},
pages = {273-297},
title = {Support-vector networks},
volume = {20},
year = {1995},
doi = {10.1007/bf00994018},
}

@article{kohavi1995,
author = {Kohavi, R.},
journal = {International Joint Conference On Artificial Intelligence},
pages = {2},
title = {A study of cross-validation and bootstrap for accuracy estimation and model selection},
volume = {14},
year = {1995},
}

@article{powers2011,
author = {Powers, D.},
journal = {Journal Of Machine Learning Technologies},
number = {1},
pages = {37-63},
title = {Evaluation: From Precision, Recall and F-Measure to ROC, Informedness, Markedness \& Correlation},
volume = {2},
year = {2011},
url = {http://www.flinders.edu.au/science_engineering/fms/School-CSEM/publications/tech_reps-research_artfcts/TRRA_2007.pdf},
}










